%% This BibTeX bibliography file was created using BibDesk.
%% http://bibdesk.sourceforge.net/

%% Created for 胡天晓 at 2017-06-28 22:33:25 +0800 


%% Saved with string encoding Unicode (UTF-8) 



@book{ml,
	Author = {Christopher M. Bishop},
	Date-Added = {2017-06-28 14:31:10 +0000},
	Date-Modified = {2017-06-28 14:33:24 +0000},
	Publisher = {Springer},
	Title = {Pattern Recognition and Machine Learning},
	Year = {2007}}

@book{ai,
	Author = {Stuart Russell and Peter Norvig},
	Date-Modified = {2017-06-28 14:31:07 +0000},
	Publisher = {Prentice Hall},
	Title = {Artificial Intelligence: A Modern Approach},
	Year = {2009}}
